@book{macrae1992john,
  title={John Von Neumann: The Scientific Genius who Pioneered the Modern Computer, Game Theory, Nuclear Deterrence, and Much More},
  author={Macrae, N.},
  isbn={9780821826768},
  lccn={99037303},
  url={http://books.google.pt/books?id=OO-\_gSRhe-EC},
  year={1992},
  pages={10-11}
  publisher={American Mathematical Society}
}
