%% start of file `jdoe_publications.bib'.
%% Copyright 2006 Xavier Danaux (xdanaux<AT>gmail.com).
%
% This work may be distributed and/or modified under the
% conditions of the LaTeX Project Public License version 1.3c,
% available at http://www.latex-project.org/lppl/.


@BOOK{publication1,
  author = {Author 1 and Author 2},
  title = {Title},
  publisher = {Publisher},
  edition = {edition},
  year = {year},
}

@MISC{publication2,
  author = {Author},
  title = {Title},
  year = {year},
}


%% end of file `jdoe_publications.bib'.
