@article{zhang2011nsnq,
title={Notes on the Sobolev (Semi)Norms of Quadratic Functions},
author={Zhang, Zaikun},
journal={arXiv Preprint},
year={2011},
note={arXiv:1201.6532 [math.OC]},
url={http://www.zhangzk.net/docs/publications/2011nsnq.pdf}
}
