@article{ZhangZ_2014_snq,
    title={Sobolev Seminorm of Quadratic Functions with Applications to Derivative-Free Optimization},
    author={Zhang, Z.},
    journal={Mathematical Programming},
    year={2014},
    olume={146},
    number={1-2},
    pages={77-96},
    publisher={Springer},
    doi={10.1007/s10107-013-0679-3},
    url={http://www.zhangzk.net/docs/publications/2014snq.pdf}
}
