@phdthesis{zhang2012dfo,
title={On Derivative-Free Optimization Methods},
author={Zhang, Zaikun},
year={2012},
month={April},
school={Institute of Computational Mathematics and
    Scientific/Engineering Computing, Chinese Academy of Sciences},
address={Beijing},
url={http://www.zhangzk.net/docs/publications/thesis.pdf}
}
